<record><leader>00000cas a2200000 a 4500</leader><controlfield tag="001">11702949</controlfield><controlfield tag="008">850216d19061957orudn ne      0    0eng c</controlfield><datafield ind1=" " ind2=" " tag="010"><subfield code="a">sn 85033159 </subfield></datafield><datafield ind1=" " ind2=" " tag="040"><subfield code="a">NPU</subfield><subfield code="b">eng</subfield><subfield code="c">NPU</subfield><subfield code="d">OCN</subfield><subfield code="d">OCLCQ</subfield><subfield code="d">ORU</subfield><subfield code="d">OCLCQ</subfield><subfield code="d">OCLCF</subfield><subfield code="d">OCLCO</subfield></datafield><datafield ind1=" " ind2=" " tag="019"><subfield code="a">32697166</subfield></datafield><datafield ind1=" " ind2=" " tag="042"><subfield code="a">pcc</subfield></datafield><datafield ind1=" " ind2=" " tag="043"><subfield code="a">n-us-or</subfield></datafield><datafield ind1="0" ind2="4" tag="245"><subfield code="a">The Coos Bay times.</subfield></datafield><datafield ind1="1" ind2="3" tag="246"><subfield code="a">Daily Coos Bay times</subfield></datafield><datafield ind1="1" ind2="3" tag="246"><subfield code="a">Weekly Coos Bay times</subfield></datafield><datafield ind1=" " ind2=" " tag="260"><subfield code="a">Marshfield, Or. :</subfield><subfield code="b">Coos Bay Times Pub. Co.,</subfield><subfield code="c">-1957.</subfield></datafield><datafield ind1=" " ind2=" " tag="300"><subfield code="a">v. ;</subfield><subfield code="c">59 cm.</subfield></datafield><datafield ind1=" " ind2=" " tag="310"><subfield code="a">Daily (except Sun.),</subfield><subfield code="b">Dec. 9, 1907-Aug. 24, 1957</subfield></datafield><datafield ind1=" " ind2=" " tag="321"><subfield code="a">Daily (except Mon.),</subfield><subfield code="b">&lt;July 4, 1906&gt;-Dec. 7, 1907</subfield></datafield><datafield ind1="1" ind2=" " tag="362"><subfield code="a">Began in 1906.</subfield></datafield><datafield ind1="0" ind2=" " tag="362"><subfield code="a">-58th year, no. 222 (Aug. 24, 1957).</subfield></datafield><datafield ind1=" " ind2=" " tag="500"><subfield code="a">Weekly ed. appears on Friday papers; Sunday ed. appears on Sunday papers.</subfield></datafield><datafield ind1=" " ind2=" " tag="500"><subfield code="a">Published simultaneously in Marshfield, Or. and North Bend, Or., Mar. 15, 1918-Aug. 27, 1926.</subfield></datafield><datafield ind1=" " ind2=" " tag="530"><subfield code="a">Also issued on microfilm from University of Oregon.</subfield></datafield><datafield ind1=" " ind2=" " tag="530"><subfield code="a">Archived issues are available in digital format as part of the Historic Oregon Newspaper online collection.</subfield></datafield><datafield ind1=" " ind2=" " tag="580"><subfield code="a">Formed by the union of: Daily coast mail, and: Weekly coast mail, and: Advertiser.</subfield></datafield><datafield ind1=" " ind2=" " tag="588"><subfield code="a">Description based on: Vol. [1], no. 3 (July 4, 1906).</subfield></datafield><datafield ind1=" " ind2="0" tag="651"><subfield code="a">Coos Bay (Or.)</subfield><subfield code="v">Newspapers.</subfield></datafield><datafield ind1=" " ind2="0" tag="651"><subfield code="a">North Bend (Or.)</subfield><subfield code="v">Newspapers.</subfield></datafield><datafield ind1=" " ind2="0" tag="651"><subfield code="a">Coos County (Or.)</subfield><subfield code="v">Newspapers.</subfield></datafield><datafield ind1=" " ind2="7" tag="655"><subfield code="a">Newspapers.</subfield><subfield code="2">fast</subfield><subfield code="0">(OCoLC)fst01423814</subfield></datafield><datafield ind1=" " ind2="7" tag="651"><subfield code="a">Oregon</subfield><subfield code="z">Coos Bay.</subfield><subfield code="2">fast</subfield><subfield code="0">(OCoLC)fst01226324</subfield></datafield><datafield ind1=" " ind2="7" tag="651"><subfield code="a">Oregon</subfield><subfield code="z">Coos County.</subfield><subfield code="2">fast</subfield><subfield code="0">(OCoLC)fst01213855</subfield></datafield><datafield ind1=" " ind2="7" tag="651"><subfield code="a">Oregon</subfield><subfield code="z">North Bend.</subfield><subfield code="2">fast</subfield><subfield code="0">(OCoLC)fst01214585</subfield></datafield><datafield ind1=" " ind2=" " tag="752"><subfield code="a">United States</subfield><subfield code="b">Oregon</subfield><subfield code="c">Coos</subfield><subfield code="d">North Bend.</subfield></datafield><datafield ind1=" " ind2=" " tag="752"><subfield code="a">United States</subfield><subfield code="b">Oregon</subfield><subfield code="c">Coos</subfield><subfield code="d">Coos Bay.</subfield></datafield><datafield ind1="1" ind2="4" tag="780"><subfield code="t">Advertiser</subfield></datafield><datafield ind1="1" ind2="4" tag="780"><subfield code="t">Daily coast mail</subfield><subfield code="w">(DLC)sn 96088441</subfield><subfield code="w">(OCoLC)14546615</subfield></datafield><datafield ind1="1" ind2="4" tag="780"><subfield code="t">Weekly coast mail</subfield><subfield code="w">(DLC)sn 96088442</subfield><subfield code="w">(OCoLC)37383398</subfield></datafield><datafield ind1="0" ind2="0" tag="785"><subfield code="t">World (Coos Bay, Or.)</subfield><subfield code="w">(DLC)sn 92004074</subfield><subfield code="w">(OCoLC)23861115</subfield></datafield><datafield ind1="4" ind2="1" tag="856"><subfield code="u">http://oregonnews.uoregon.edu/lccn/sn85033159/issues</subfield></datafield></record>